@article{hauert2009evolved,
  title={Evolved swarming without positioning information: an application in aerial communication relay},
  author={Hauert, Sabine and Zufferey, Jean-Christophe and Floreano, Dario},
  journal={Autonomous Robots},
  volume={26},
  number={1},
  pages={21--32},
  year={2009},
  publisher={Springer US}
}

@inproceedings{hu2004knowledge,
    title={A knowledge based genetic algorithm for path planning of a mobile robot},
    author={Hu, Yanrong and Yang, Simon X},
    booktitle={Robotics and Automation, 2004. Proceedings. ICRA'04. 2004 IEEE International Conference on},
    volume={5},
    pages={4350--4355},
    year={2004},
    organization={IEEE}
}

@article{leung2003tuning,
    title={Tuning of the structure and parameters of a neural network using an improved genetic algorithm},
    author={Leung, Frank Hung-Fat and Lam, Hak-Keung and Ling, Sai-Ho and Tam, Peter Kwong-Shun},
    journal={Neural Networks, IEEE Transactions on},
    volume={14},
    number={1},
    pages={79--88},
    year={2003},
    publisher={IEEE}
}

@INPROCEEDINGS{guo2010ga,
    author={Pengfei Guo and Xuezhi Wang and Yingshi Han},
    booktitle={Biomedical Engineering and Informatics (BMEI), 2010 3rd International Conference on},
    title={The enhanced genetic algorithms for the optimization design},
    year={2010},
    month={Oct},
    volume={7},
    pages={2990-2994},
    keywords={genetic algorithms;hybrid interval genetic algorithm;interval analysis;interval genetic algorithm;interval optimization process;optimization design;optimum interval range;Algorithm design and analysis;Biological cells;Gallium;Genetic algorithms;Genetics;Optimization;Polynomials;genetic algorithms;hybrid genetic algorithm;hybrid interval genetic algorithm;interval genetic algorithm;optimization},
    doi={10.1109/BMEI.2010.5639829}
}

@article{survey,
    author = {Anita Thengade and Rucha Dondal},
    title = {Article: Genetic Algorithm - Survey Paper},
    journal = {IJCA Proceedings on National Conference on Recent Trends in Computing},
    year = {2012},
    volume = {NCRTC},
    number = {5},
    pages = {25-29},
    month = {May},
    note = {Full text available}
}

@INPROCEEDINGS{yong2009wsn,
    author={Ma Yong and Yan Yu and Wang Yan and Liaoning Huludao and Lin Ling and Li Gang},
    booktitle={Networks Security, Wireless Communications and Trusted Computing, 2009. NSWCTC '09. International Conference on},
    title={Optimization Design of Coal Mine Wireless Body Sensor Network Based on Genetic Algorithm},
    year={2009},
    month={April},
    volume={2},
    pages={366-369},
    keywords={genetic algorithms;mining;wireless sensor networks;adaptive wireless sensor network design;coal mine rescue system;coal mine wireless body sensor network;genetic algorithm;multiobjective optimization methodology;wireless sensor network energy management;Adaptive systems;Algorithm design and analysis;Body sensor networks;Constraint optimization;Design optimization;Energy management;Genetic algorithms;Optimization methods;Power system management;Wireless sensor networks;Genetic algorithm;network load balancing;under mine rescue system;wireless body sensor network},
    doi={10.1109/NSWCTC.2009.347},
}

@misc{pp,
    title = {{Quick Tour on LTL Model Checking}},
    howpublished = {\url{http://www-i2.informatik.rwth-aachen.de/i2/fileadmin/user_upload/documents/Advanced_Model_Checking/amc_lec1.pdf}},
    note = {Accessed: 2014-10-31}
}

@article{spin, title={The model checker SPIN}, author={Holzmann, Gerard J},
    journal={IEEE Transactions on software engineering}, volume={23},
    number={5}, pages={279--295}, year={1997}, publisher={IEEE Computer
        Society} }

@article{survey, title={A survey of tools for model checking and model-based
    development}, author={Strunk, Elisabeth A and Aiello, M Anthony and Knight,
        John C}, year={2006}, publisher={Citeseer} }

@incollection{prism, title={PRISM: Probabilistic symbolic model checker},
    author={Kwiatkowska, Marta and Norman, Gethin and Parker, David},
    booktitle={Computer performance evaluation: modelling techniques and
        tools}, pages={200--204}, year={2002}, publisher={Springer} }

@article{van2013spins, title={SpinS: Extending LTSmin with Promela through
    SpinJa}, author={Van Der Berg, Freark and Laarman, Alfons},
journal={Electronic Notes in Theoretical Computer Science}, volume={296},
pages={95--105}, year={2013}, publisher={Elsevier} }o

@techreport{efficient, title={Efficient encoding of SystemC/TLM in Promelaâ€”full
    version}, author={Marquet, Kevin and Jeannet, Bertrand and Moy, Matthieu},
year={2010} }

@article{tutorial, author={Behrmann, G, and David, A, and Larsen, K},
    year={2006}, title={{A Tutorial on UPPAAL 4.0}}} @misc{lec, title = {{CTL
        Model Checking}}, howpublished =
        {\url{http://people.irisa.fr/Axel.Legay/lec4.pdf}}, note = {Accessed:
        2014-11-24}, author={Kateon, Joost-Pieter}}

@INPROCEEDINGS{havelund, author={Havelund, K. and Skou, A. and Larsen, K.G. and
    Lund, K.}, booktitle={Real-Time Systems Symposium, 1997. Proceedings., The
        18th IEEE}, title={Formal modeling and analysis of an audio/video
            protocol: an industrial case study using UPPAAL}, year={1997},
    month={Dec}, pages={2-13}, keywords={formal
        verification;protocols;real-time systems;software
            engineering;UPPAAL;assembler code;audio/video protocol;automatic
            verification;error trace;formal modeling;formal
            verification;industrial case study;real-life protocol;real-time
            considerations;real-time verification tool;Automatic
            control;Communication system control;Computer aided software
            engineering;Documentation;Error
            correction;Programming;Protocols;Real time systems;Safety;Testing},
    doi={10.1109/REAL.1997.641264}, ISSN={1052-8725},}

    @inproceedings{larsen, author = {Larsen, Kim G.  and Mikucionis, Marius and
        Nielsen, Brian and Skou, Arne}, title = {Testing Real-time Embedded
            Software Using UPPAAL-TRON: An Industrial Case Study}, booktitle =
            {Proceedings of the 5th ACM International Conference on Embedded
                Software}, series = {EMSOFT '05}, year = {2005}, isbn =
                {1-59593-091-4}, location = {Jersey City, NJ, USA}, pages =
                {299--306}, numpages = {8}, url =
                {http://doi.acm.org/10.1145/1086228.1086283}, doi =
                {10.1145/1086228.1086283}, acmid = {1086283}, publisher =
                {ACM}, address = {New York, NY, USA}, keywords = {black-box
                                                                     testing,
                                                                     control
                                                                         software,
                                                                     embedded
                                                                         systems,
                                                                     online
                                                                         testing,
                                                                     real-time
                                                                         systems},
    } 

@incollection{cassez, title={Automatic synthesis of robust and optimal
    controllers--an industrial case study}, author={Cassez, Franck and Jessen,
        Jan J and Larsen, Kim G and Raskin, Jean-Fran{\c{c}}ois and Reynier,
        Pierre-Alain}, booktitle={Hybrid Systems: Computation and Control},
        pages={90--104}, year={2009}, publisher={Springer} }

